@article{Ghika1998,
author = {Ghika, J and Villemure, J G and Fankhauser, H and others},
journal = {Journal of neurosurgery},
number = {5},
pages = {713--718},
title = {{Efficiency and safety of bilateral contemporaneous pallidal stimulation (deep brain stimulation) in levodopa-responsive patients with Parkinson's disease with severe motor fluctuations: a 2-year follow-up review.}},
volume = {89},
year = {1998}
}
@article{Lindberg2002,
author = {Hariz, G-M and Lindberg, M and Bergenheim, A T},
journal = {Journal of Neurology, Neurosurgery and Psychiatry},
pages = {47--52},
title = {{Impact of thalamic deep brain stimulation on disability and health-related quality of life in patients with essential tremor}},
volume = {72},
year = {2002}
}
@article{Yianni2003,
author = {Yianni, J and Bain, P G and Gregory, R P and others},
journal = {European journal of neurology},
number = {3},
pages = {239--47},
title = {{Post-operative progress of dystonia patients following globus pallidus internus deep brain stimulation.}},
volume = {10},
year = {2003}
}
@article{Benabid2009,
author = {Benabid, Alim Louis and Chabardes, Stephan and Mitrofanis, John and Pollak, Pierre},
issn = {1474-4422},
journal = {Lancet neurology},
number = {1},
pages = {67--81},
title = {{Deep brain stimulation of the subthalamic nucleus for the treatment of Parkinson's disease}},
volume = {8},
year = {2009}
}
@article{Richter2004,
author = {Richter, E.O. and Hogue, T. and Halliday, W. and others},
journal = {Journal of neurosurgery},
number = {3},
pages = {541--546},
title = {{Determining the position and size of the subthalamic nucleus based on magnetic resonance imaging results in patients with advanced Parkinson disease}},
volume = {100},
year = {2004}
}
@article{Astrom2010,
author = {{\AA}str\"{o}m, Mattias and Tripoliti, Elina and Hariz, Mawan I and others},
journal = {Stereotactic and functional neurosurgery},
number = {4},
pages = {224--233},
title = {{Patient-Specific Model-Based Investigation of Speech Intelligibility and Movement during Deep Brain Stimulation}},
volume = {88},
year = {2010}
}
@article{Rodriguez-Oroz2005,
author = {Rodriguez-Oroz, M C and Obeso, J A and Lang, A E and others},
journal = {Brain},
number = {Pt 10},
pages = {2240--9},
title = {{Bilateral deep brain stimulation in Parkinson's disease: a multicentre study with 4 years follow-up}},
volume = {128},
year = {2005}
}
@article{Starr2002,
author = {Starr, PA and Christine, CW and Theodosopoulos, PV and others},
journal = {Journal of neurosurgery},
number = {2},
pages = {370--87},
title = {{Implantation of deep brain stimulators into the subthalamic nucleus: technical approach and magnetic resonance imaging-verified lead locations}},
volume = {97},
year = {2002}
}
@article{Lenz1988,
author = {Lenz, FA and Dostrvsky, JO and Kwan, HC and others},
journal = {Journal of neurosurgery},
title = {{Methods for microstimulation and recording of single neurons and evoked potentials in the human central nervous system}},
}
@article{Alterman1999,
author = {Alterman, Ron L and Sterio, Djordje and Beric, Aleksandar and Kelly, Patrick J},
issn = {0148-396X},
journal = {Neurosurgery},
number = {2},
pages = {315--321},
title = {{Microelectrode Recording during Posteroventral Pallidotomy: Impact on Target Selection and Complications}},
volume = {44},
year = {1999}
}
@book{Radvansky2005,
author = {Radvansky and Gabriel},
pages = {65--75},
publisher = {Allyn and Bacon},
title = {{Human Memory}},
year = {2005}
}
@article{10.1109/BIOMEDVIS.1995.10008,
author = {Spetsieris, P G and Dhawan, V and Ishikawa, T and Eidelberg, D},
journal = {Biomedical Visualization},
pages = {58},
title = {{Interactive visualization of coregistered tomographic images}},
volume = {0},
year = {1995}
}
@article{Chentanez2009,
author = {Chentanez, Nuttapong and Alterovitz, Ron and Ritchie, Daniel and others},
journal = {ACM Transactions on Graphics},
number = {3},
pages = {1},
title = {{Interactive simulation of surgical needle insertion and steering}},
volume = {28},
year = {2009}
}
@article{Gemmar2008,
author = {Gemmar, P and Gronz, O and Fisch, K and others},
journal = {Biosignal},
title = {{Automated Target Location And Trajectory Selection For Stereotactic Planning In Deep Brain Stimulation}},
year = {2008}
}
@article{Brunenberg2007,
author = {Brunenberg, Ellen J L and Vilanova, Anna and Visser-Vandewalle, Veerle and others},
journal = {MICCAI},
number = {1},
pages = {584--592},
title = {{Automatic Trajectory Planning for Deep Brain Stimulation : A Feasibility Study}},
volume = {10},
year = {2007}
}
@article{Khlebnikov2011,
author = {Khlebnikov, Rostislav and Kainz, Bernhard and Muehl, Judith and Schmalstieg, Dieter},
journal = {IEEE TVCG},
number = {12},
pages = {2163--72},
title = {{Crepuscular rays for tumor accessibility planning.}},
volume = {17},
year = {2011}
}
@inproceedings{Essert,
author = {Essert, Caroline and Haegelen, Claire and Jannin, Pierre},
booktitle = {MIAR},
title = {{Automatic Computation of Electrodes Trajectory for Deep Brain Stimulation}},
year = {2010}
}
@article{Beyer2007,
author = {Beyer, Johanna and Hadwiger, Markus and Wolfsberger, Stefan and B\"{u}hler, Katja},
journal = {IEEE TVCG},
number = {6},
pages = {1696--703},
title = {{High-quality multimodal volume rendering for preoperative planning of neurosurgical interventions.}},
volume = {13},
year = {2007}
}
@article{Serra1998,
author = {Serra, Luis and Kockro, Ralf A and Guan, Chua Gim and others},
journal = {MICCAI},
title = {{Multimodal Volume-based Tumor Neurosurgery Planning in the Virtual Workbench}},
year = {1998}
}
@article{Watanabe,
author = {Watanabe, Lionis De Souza},
title = {{Development of a Visualization and Manipulation Toolkit for 3D Medical Image}},
url = {http://www.dca.fee.unicamp.br/portugues/pesquisa/seminarios/2011/artigos/watanabe.pdf}
}
@article{Rieder2008,
author = {Rieder, Christian and Ritter, Felix and Raspe, Matthias and Peitgen, Heinz-Otto},
journal = {Computer Graphics Forum},
number = {3},
title = {{Interactive Visualization of Multimodal Volume Data for Neurosurgical Tumor Treatment}},
volume = {27},
year = {2008}
}
@article{Rieder2008a,
author = {Rieder, Christian and Schwier, Michael and Hahn, Horst K and Peitgen, Heinz-Otto},
journal = {Visual Computing for Biomedicine},
title = {{High-Quality Multimodal Volume Visualization of Intracerebral Pathological Tissue}},
year = {2008}
}
@article{Miocinovic2007,
author = {Miocinovic, Svjetlana and Zhang, Jianyu and Xu, Weidong and others},
journal = {Journal of neuroscience methods},
number = {1-2},
pages = {32--41},
title = {{Stereotactic neurosurgical planning, recording, and visualization for deep brain stimulation in non-human primates.}},
volume = {162},
year = {2007}
}
@article{Haese2005,
author = {D'Haese, PF and Cetinkaya, Ebru and Konrad, PE and others},
journal = {IEEE Transactions on Medical Imaging},
number = {11},
pages = {1469--1478},
title = {{Computer-aided placement of deep brain stimulators: from planning to intraoperative guidance}},
volume = {24},
year = {2005}
}
@article{Sperka2011,
author = {Sperka, Daniel J and Ditterich, Jochen},
journal = {Frontiers in neuroinformatics},
pages = {1},
title = {{Splash: a software tool for stereotactic planning of recording chamber placement and electrode trajectories.}},
volume = {5},
year = {2011}
}
@article{Ohayon2012,
author = {Ohayon, Shay and Tsao, Doris Y},
journal = {Journal of neuroscience methods},
number = {2},
pages = {389--97},
title = {{MR-guided stereotactic navigation.}},
volume = {204},
year = {2012}
}
@inproceedings{McIntyre2006,
author = {McIntyre, Cameron C and Butson, Christopher R and Maks, Christopher B and Noecker, Angela M},
booktitle = {Engineering in Medicine and Biology Society},
pages = {893--5},
title = {{Optimizing deep brain stimulation parameter selection with detailed models of the electrode-tissue interface.}},
volume = {1},
year = {2006}
}
@article{Tory1998,
author = {Tory, Melanie},
journal = {IEEE Visualization},
title = {{Mental registration of 2d and 3d visualizations (an empirical study)}},
year = {2003}
}
@article{Hemm2010,
author = {Hemm, Simone and W{\aa}rdell, Karin},
journal = {Medical \& biological engineering \& computing},
number = {7},
pages = {611--24},
pmid = {20517711},
title = {{Stereotactic implantation of deep brain stimulation electrodes: a review of technical systems, methods and emerging tools.}},
volume = {48},
year = {2010}
}
@book{Talairach1993,
author = {Talairach, Jean},
publisher = {Thieme Medical Publishers},
title = {{Referentially Oriented Cerebral MRI Anatomy: An Atlas of Stereotaxic Anatomical Correlations for Gray and White Matter}},
year = {1993}
}
@article{Shamir2010,
author = {Shamir, Reuben R and Tamir, Idit and Dabool, Elad and others},
journal = {MICCAI},
number = {Pt 3},
pages = {457--64},
title = {{A method for planning safe trajectories in image-guided keyhole neurosurgery.}},
volume = {13},
year = {2010}
}
@article{Luft2005,
author = {Luft, Thomas and Colditz, Carsten and Deussen, Oliver},
journal = {ACM Transactions on Graphics},
pages = {1206--1213},
title = {{Image enhancement by unsharp masking the depth buffer}},
volume = {25},
year = {2006}
}
@inproceedings{Weiskopf2002,
author = {Weiskopf, Daniel and Engel, Klaus and Ertl, Thomas},
booktitle = {IEEE Visualization},
title = {{Volume Clipping via Per-Fragment Operations in Texture-Based Volume Visualization}},
volume = {Cli},
year = {2002}
}
@article{Maragos1993,
author = {Maragos, Petros and Kaiser, James F. and Quatieri, Thomas F.},
journal = {IEEE Transactions on Signal Processing},
number = {4},
pages = {1532--1550},
title = {{On Amplitude and Frequency Demodulation Using Energy Operators}},
volume = {41},
year = {1993}
}
@article{Mukhopadhyay1998,
author = {Mukhopadhyay, S and Ray, G C},
journal = {IEEE TBME},
number = {2},
pages = {180--7},
title = {{A new interpretation of nonlinear energy operator and its efficacy in spike detection.}},
volume = {45},
year = {1998}
}
@article{Rieder2010,
author = {Rieder, Christian and Weihusen, Andreas and Schumann, Christian and others},
journal = {Computer Graphics Forum},
number = {3},
title = {{Visual Support for Interactive Post-Interventional Assessment of Radiofrequency Ablation Therapy}},
volume = {29},
year = {2010}
}
@article{Caprile1990,
author = {Caprile, B and Torre, V},
journal = {Journal of Computer Vision},
number = {2},
pages = {127--139},
title = {{Using vanishing points for camera calibration}},
volume = {4},
year = {1990}
}
@article{Zheng2008,
author = {Zheng, Yinqiang and Liu, Yuncai},
journal = {Optical Engineering},
number = {6},
pages = {067203},
title = {{Camera calibration using one perspective view of two arbitrary coplanar circles}},
volume = {47},
year = {2008}
}
@book{Hartley2004,
author = {Hartley, R. I and Zisserman, A.},
edition = {Second},
publisher = {Cambridge University Press},
title = {{Multiple View Geometry in Computer Vision}},
year = {2004}
}
@inproceedings{Kr,
author = {Kr\"{u}ger, J and Westermann, R},
booktitle = {IEEE Visualization},
title = {{Acceleration Techniques for GPU-based Volume Rendering}},
year = {2003}
}
@inproceedings{Scharsach,
author = {Scharsach, Henning},
booktitle = {Central European Seminar on Computer Graphics},
title = {{Advanced GPU Raycasting}},
year = {2005}
}
@article{Lindholm2009,
author = {Lindholm, Stefan and Ljung, Patric and Hadwiger, Markus and Ynnerman, Anders},
journal = {Computer Graphics Forum},
number = {3},
pages = {847--854},
title = {{Fused Multi-Volume DVR using Binary Space Partitioning}},
volume = {28},
year = {2009}
}
@article{Rezk-salama2006,
author = {Rezk-Salama, C and Kolb, A},
journal = {Computer Graphics Forum},
number = {3},
title = {{Opacity peeling for direct volume rendering}},
volume = {25},
year = {2006}
}
@article{Visarius1997,
author = {Visarius, H and Gong, J and Scheer, C and others},
journal = {Computer Aided Surgery},
number = {2},
pages = {102--107},
title = {{Man-Machine Interfaces in Computer Assisted Surgery}},
volume = {2},
year = {1997}
}
@article{Martelli2003,
author = {Martelli, Sandra and Nofrini, Laura and Vendruscolo, Paolo and Visani, Andrea},
journal = {Journal of Medical Informatics},
number = {1-3},
pages = {35--45},
title = {{Criteria of interface evaluation for computer assisted surgery systems}},
volume = {72},
year = {2003}
}











@article{Benazzouz2002,
author = {Benazzouz, Abdelhamid and Breit, Sorin and Koudsie, Adnan and Pollak, Pierre},
journal = {Movement Disorders},
number = {3},
pages = {145--149},
title = {{Intraoperative Microrecordings of the Subthalamic Nucleus in Parkinson ’ s Disease}},
volume = {17},
year = {2002}
}
@article{Butson2008,
author = {Butson, Christopher R and McIntyre, Cameron C},
journal = {Journal of neural engineering},
number = {1},
pages = {1--8},
title = {{Role of electrode design on the volume of tissue activated during deep brain stimulation}},
volume = {3},
year = {2008}
}
@article{Cuny2002,
author = {Cuny, E and Guehl, D and Burbaud, P and others},
journal = {Journal of neurosurgery},
number = {3},
pages = {591--597},
title = {{Lack of agreement between direct magnetic resonance imaging and statistical determination of a subthalamic target: the role of electrophysiological guidance}},
volume = {97},
year = {2002}
}
@article{Donoho1995,
author = {Donoho, D.L.},
journal = {IEEE Transactions on Information Theory},
number = {3},
pages = {613--627},
title = {{De-noising by soft-thresholding}},
volume = {41},
year = {1995}
}
@inproceedings{Burchiel2003,
author = {Falkenberg, J.H. and McNames, J. and Burchiel, K J},
booktitle = {Engineering in Medicine \& Biology Society},
pages = {2515--2518},
title = {{Statistical Methods of Analysis and Visualization of Extracellular Microelectrode Recordings}},
year = {2003}
}
@article{Falkenberg2006,
author = {Falkenberg, Jon Haakon and McNames, James and Favre, Jacques and Burchiel, Kim J},
journal = {Stereotactic and functional neurosurgery},
number = {1},
pages = {35--45},
title = {{Automatic analysis and visualization of microelectrode recording trajectories to the subthalamic nucleus: preliminary results.}},
volume = {84},
year = {2006}
}
@article{Favre1999,
author = {Favre, Jacques and Taha, Jamal M and Baumann, Thomas and Ph, D and Burchiel, Kim J},
journal = {Surgical Neurology},
keywords = {globus pallidus,microrecording,pallidotomy,parkinson},
number = {99},
title = {{Computer Analysis of the Tonic, Phasic, and Kinesthetic Activity of Pallidial Discharges in Parkinson Patients}},
volume = {3019},
year = {1999}
}
@inproceedings{Gemmar,
author = {Gemmar, P and Gronz, O and Henrichs, T and Hertel, F},
booktitle = {IEEE CBMS},
pages = {99--104},
title = {{Advanced methods for target navigation using microelectrode recordings in stereotactic neurosurgery for deep brain stimulation}},
year = {2008}
}
@article{Giller2005,
author = {Giller, AC and Babcock, EE and Mendelsohn, DB},
journal = {Journal of neurosurgery},
number = {3},
pages = {571--575},
title = {{Use of sagittal images for localization of the subthalamic nucleus. Technical note}},
volume = {102},
year = {2005}
}
@article{Guo2007,
author = {Guo, Ting and Parrent, Andrew G and Peters, Terry M},
journal = {MICCAI},
number = {Pt 1},
pages = {483--90},
title = {{Automatic target and trajectory identification for deep brain stimulation (DBS) procedures.}},
volume = {10},
year = {2007}
}
@article{Hutchison1998,
author = {Hutchison, W D and Allan, R J and Opitz, H and others},
journal = {Annals of Neurology},
pages = {622--628},
title = {{Neurophysiological Identification of the Subchaiarnic Xucleus in Surgery for Parkinson ’ s Disease}},
year = {1998}
}
@book{Jansen,
author = {Jansen, Maarten},
publisher = {Springer New York},
title = {{Noise Reduction by Wavelet Thresholding}},
volume = {161},
year = {2001}
}
@article{Kalwani2009,
author = {Kalwani, Rishi M. and Bloy, Luke and Elliott, Mark A. and Gold, Joshua I.},
journal = {Journal of Neuroscience Methods},
number = {2},
pages = {104--111},
title = {{A method for localizing microelectrode trajectories in the macaque brain using MRI}},
volume = {176},
year = {2009}
}
@inproceedings{Navkar2010,
author = {Navkar, N and Tsekos, N and Stafford, J and others},
booktitle = {Information processing in computer-assisted interventions},
pages = {1--11},
title = {{Visualization and planning of neurosurgical interventions with straight access}},
year = {2010}
}
@article{Pinzon-Morales2010,
author = {Pinzon-Morales, Ruben-Dario and Orozco-Gutierrez, Alvara-Angel and Carmona-Villada, Hans and Castellanos, Cesar-German},
journal = {Engineering in Medicine \& Biology},
pages = {4040--4043},
title = {{Towards High Accuracy Classification of MER Signals for Target Localization in Parkinson ’ s Disease}},
year = {2010}
}
@article{Poggi2003,
author = {Poggi, S and Pallotta, S and Russo, S and others},
journal = {Physics in medicine and biology},
number = {14},
pages = {2199--216},
title = {{Neuronavigation accuracy dependence on CT and MR imaging parameters: a phantom-based study.}},
volume = {48},
year = {2003}
}
@article{Rieder2011,
author = {Rieder, Christian and Kr\"{o}ger, Tim and Schumann, Christian and Hahn, Horst K},
journal = {IEEE TVCG},
number = {12},
pages = {1812--21},
title = {{GPU-based real-time approximation of the ablation zone for radiofrequency ablation.}},
volume = {17},
year = {2011}
}
@article{Halgren2001,
author = {Ulbert, I and Halgren, E and Heit, G and Karmos, G},
journal = {Journal of neuroscience methods},
number = {1},
pages = {69--79},
title = {{Multiple microelectrode-recording system for human intracortical applications}},
volume = {106},
year = {2001}
}
